@article{Wang2020,
  doi = {10.1016/s0140-6736(20)30185-9},
  url = {https://doi.org/10.1016/s0140-6736(20)30185-9},
  year = {2020},
  month = feb,
  publisher = {Elsevier {BV}},
  volume = {395},
  number = {10223},
  pages = {470--473},
  author = {Chen Wang and Peter W Horby and Frederick G Hayden and George F Gao},
  title = {A novel coronavirus outbreak of global health concern},
  journal = {The Lancet}
}

@article{Bok_nyi_2023, title={The anatomy of a population-scale social network}, volume={13}, ISSN={2045-2322}, url={http://dx.doi.org/10.1038/s41598-023-36324-9}, DOI={10.1038/s41598-023-36324-9}, number={1}, journal={Scientific Reports}, publisher={Springer Science and Business Media LLC}, author={Bokányi, Eszter and Heemskerk, Eelke M. and Takes, Frank W.}, year={2023}, month=jun }

@article{Wang2019,
  title = {Coevolution spreading in complex networks},
  volume = {820},
  ISSN = {0370-1573},
  url = {http://dx.doi.org/10.1016/j.physrep.2019.07.001},
  DOI = {10.1016/j.physrep.2019.07.001},
  journal = {Physics Reports},
  publisher = {Elsevier BV},
  author = {Wang,  Wei and Liu,  Quan-Hui and Liang,  Junhao and Hu,  Yanqing and Zhou,  Tao},
  year = {2019},
  month = aug,
  pages = {1–51}
}

@article{Yang2010,
  title = {A study of the spreading scheme for viral marketing based on a complex network model},
  volume = {389},
  ISSN = {0378-4371},
  url = {http://dx.doi.org/10.1016/j.physa.2009.10.034},
  DOI = {10.1016/j.physa.2009.10.034},
  number = {4},
  journal = {Physica A: Statistical Mechanics and its Applications},
  publisher = {Elsevier BV},
  author = {Yang,  Jianmei and Yao,  Canzhong and Ma,  Weicheng and Chen,  Guanrong},
  year = {2010},
  month = feb,
  pages = {859–870}
}

@article{Masuda2017,
  title = {Random walks and diffusion on networks},
  volume = {716–717},
  ISSN = {0370-1573},
  url = {http://dx.doi.org/10.1016/j.physrep.2017.07.007},
  DOI = {10.1016/j.physrep.2017.07.007},
  journal = {Physics Reports},
  publisher = {Elsevier BV},
  author = {Masuda,  Naoki and Porter,  Mason A. and Lambiotte,  Renaud},
  year = {2017},
  month = nov,
  pages = {1–58}
}

@misc{ibgeCenso2022,
	author = {},
	title = {{C}enso 2022 | {I}{B}{G}{E} --- ibge.gov.br},
	howpublished = {\url{https://www.ibge.gov.br/estatisticas/sociais/trabalho/22827-censo-demografico-2022.html}},
	year = {},
	note = {[Accessed 19-07-2024]},
}

@article{Yang2013,
  title = {Epidemics of computer viruses: A complex-network approach},
  volume = {219},
  ISSN = {0096-3003},
  url = {http://dx.doi.org/10.1016/j.amc.2013.02.031},
  DOI = {10.1016/j.amc.2013.02.031},
  number = {16},
  journal = {Applied Mathematics and Computation},
  publisher = {Elsevier BV},
  author = {Yang,  Lu-Xing and Yang,  Xiaofan and Liu,  Jiming and Zhu,  Qingyi and Gan,  Chenquan},
  year = {2013},
  month = apr,
  pages = {8705–8717}
}

@article{Gan2014,
  title = {Propagation of computer virus both across the Internet and external computers: A complex-network approach},
  volume = {19},
  ISSN = {1007-5704},
  url = {http://dx.doi.org/10.1016/j.cnsns.2013.12.026},
  DOI = {10.1016/j.cnsns.2013.12.026},
  number = {8},
  journal = {Communications in Nonlinear Science and Numerical Simulation},
  publisher = {Elsevier BV},
  author = {Gan,  Chenquan and Yang,  Xiaofan and Liu,  Wanping and Zhu,  Qingyi and Jin,  Jian and He,  Li},
  year = {2014},
  month = aug,
  pages = {2785–2792}
}

@article{Moreno2004,
  title = {Dynamics of rumor spreading in complex networks},
  volume = {69},
  ISSN = {1550-2376},
  url = {http://dx.doi.org/10.1103/PhysRevE.69.066130},
  DOI = {10.1103/physreve.69.066130},
  number = {6},
  journal = {Physical Review E},
  publisher = {American Physical Society (APS)},
  author = {Moreno,  Yamir and Nekovee,  Maziar and Pacheco,  Amalio F.},
  year = {2004},
  month = jun 
}

@article{Bogu2002,
  title = {Epidemic spreading in correlated complex networks},
  volume = {66},
  ISSN = {1095-3787},
  url = {http://dx.doi.org/10.1103/PhysRevE.66.047104},
  DOI = {10.1103/physreve.66.047104},
  number = {4},
  journal = {Physical Review E},
  publisher = {American Physical Society (APS)},
  author = {Boguñá,  Marián and Pastor-Satorras,  Romualdo},
  year = {2002},
  month = oct 
}

@ARTICLE{7393962,
  author={Nowzari, Cameron and Preciado, Victor M. and Pappas, George J.},
  journal={IEEE Control Systems Magazine}, 
  title={Analysis and Control of Epidemics: A Survey of Spreading Processes on Complex Networks}, 
  year={2016},
  volume={36},
  number={1},
  pages={26-46},
  keywords={Medical services;Epidemics;Statistical analysis;Mathematical model;Predictive models;Complex networks;Diseases;Stochastic processes;Analytical models},
  doi={10.1109/MCS.2015.2495000}
}

@article{deArruda2018,
  title = {Fundamentals of spreading processes in single and multilayer complex networks},
  volume = {756},
  ISSN = {0370-1573},
  url = {http://dx.doi.org/10.1016/j.physrep.2018.06.007},
  DOI = {10.1016/j.physrep.2018.06.007},
  journal = {Physics Reports},
  publisher = {Elsevier BV},
  author = {de Arruda,  Guilherme Ferraz and Rodrigues,  Francisco A. and Moreno,  Yamir},
  year = {2018},
  month = oct,
  pages = {1–59}
}

@article{Jung2021,
  title = {Preparing for the Coronavirus Disease (COVID-19) Vaccination: Evidence,  Plans,  and Implications},
  volume = {36},
  ISSN = {1598-6357},
  url = {http://dx.doi.org/10.3346/jkms.2021.36.e59},
  DOI = {10.3346/jkms.2021.36.e59},
  number = {7},
  journal = {Journal of Korean Medical Science},
  publisher = {Korean Academy of Medical Sciences},
  author = {Jung,  Jaehun},
  year = {2021}
}

@article{Rosen2021,
  title = {Israel’s rapid rollout of vaccinations for COVID-19},
  volume = {10},
  ISSN = {2045-4015},
  url = {http://dx.doi.org/10.1186/s13584-021-00440-6},
  DOI = {10.1186/s13584-021-00440-6},
  number = {1},
  journal = {Israel Journal of Health Policy Research},
  publisher = {Springer Science and Business Media LLC},
  author = {Rosen,  Bruce and Waitzberg,  Ruth and Israeli,  Avi},
  year = {2021},
  month = jan 
}

@article{Cadeddu2022,
  title = {Planning and Organization of the COVID-19 Vaccination Campaign: An Overview of Eight European Countries},
  volume = {10},
  ISSN = {2076-393X},
  url = {http://dx.doi.org/10.3390/vaccines10101631},
  DOI = {10.3390/vaccines10101631},
  number = {10},
  journal = {Vaccines},
  publisher = {MDPI AG},
  author = {Cadeddu,  Chiara and Rosano,  Aldo and Villani,  Leonardo and Coiante,  Giovanni Battista and Minicucci,  Ilaria and Pascucci,  Domenico and de Waure,  Chiara},
  year = {2022},
  month = sep,
  pages = {1631}
}

@article{Petrizzelli2022,
  title = {Beyond COVID-19 pandemic: Topology-aware optimization of vaccination strategy for minimizing virus spreading},
  volume = {20},
  ISSN = {2001-0370},
  url = {http://dx.doi.org/10.1016/j.csbj.2022.05.040},
  DOI = {10.1016/j.csbj.2022.05.040},
  journal = {Computational and Structural Biotechnology Journal},
  publisher = {Elsevier BV},
  author = {Petrizzelli,  Francesco and Guzzi,  Pietro Hiram and Mazza,  Tommaso},
  year = {2022},
  pages = {2664–2671}
}

@article{Tetteh2021,
  title = {Network models to evaluate vaccine strategies towards herd immunity in COVID-19},
  volume = {531},
  ISSN = {0022-5193},
  url = {http://dx.doi.org/10.1016/j.jtbi.2021.110894},
  DOI = {10.1016/j.jtbi.2021.110894},
  journal = {Journal of Theoretical Biology},
  publisher = {Elsevier BV},
  author = {Tetteh,  Josephine N.A. and Nguyen,  Van Kinh and Hernandez-Vargas,  Esteban A.},
  year = {2021},
  month = dec,
  pages = {110894}
}

@inproceedings{Chen2022,
  series = {KDD ’22},
  title = {Effective Social Network-Based Allocation of COVID-19 Vaccines},
  url = {http://dx.doi.org/10.1145/3534678.3542673},
  DOI = {10.1145/3534678.3542673},
  booktitle = {Proceedings of the 28th ACM SIGKDD Conference on Knowledge Discovery and Data Mining},
  publisher = {ACM},
  author = {Chen,  Jiangzhuo and Hoops,  Stefan and Marathe,  Achla and Mortveit,  Henning and Lewis,  Bryan and Venkatramanan,  Srinivasan and Haddadan,  Arash and Bhattacharya,  Parantapa and Adiga,  Abhijin and Vullikanti,  Anil and Srinivasan,  Aravind and Wilson,  Mandy L. and Ehrlich,  Gal and Fenster,  Maier and Eubank,  Stephen and Barrett,  Christopher and Marathe,  Madhav},
  year = {2022},
  month = aug,
  collection = {KDD ’22}
}


@article{Huh2021,
  title = {COVID-19 vaccination campaign trends and challenges in select Asian countries},
  volume = {29},
  ISSN = {1750-7812},
  url = {http://dx.doi.org/10.1080/02185377.2021.1979062},
  DOI = {10.1080/02185377.2021.1979062},
  number = {3},
  journal = {Asian Journal of Political Science},
  publisher = {Informa UK Limited},
  author = {Huh,  Jungwon and Dubey,  Abhisheka},
  year = {2021},
  month = sep,
  pages = {274–300}
}



@article{Leydesdorff2011,
  doi = {10.1016/j.joi.2010.09.002},
  url = {https://doi.org/10.1016/j.joi.2010.09.002},
  year = {2011},
  month = jan,
  publisher = {Elsevier {BV}},
  volume = {5},
  number = {1},
  pages = {87--100},
  author = {Loet Leydesdorff and Ismael Rafols},
  title = {Indicators of the interdisciplinarity of journals: Diversity,  centrality,  and citations},
  journal = {Journal of Informetrics}
}

@article{page1999pagerank,title	= {The Anatomy of a Large-Scale Hypertextual Web Search Engine},author	= {Sergey Brin and Lawrence Page},year	= {1998},URL	= {http://www-db.stanford.edu/~backrub/google.html},journal	= {Computer Networks},pages	= {107-117},volume	= {30}}
@article{deAndrade2021,
  title = {Energy disruptive centrality with an application to criminal network},
  volume = {99},
  ISSN = {1007-5704},
  url = {http://dx.doi.org/10.1016/j.cnsns.2021.105834},
  DOI = {10.1016/j.cnsns.2021.105834},
  journal = {Communications in Nonlinear Science and Numerical Simulation},
  publisher = {Elsevier BV},
  author = {de Andrade,  Ricardo Lopes and R\^ego,  Leandro Chaves and Coelho da Silva,  Ticiana L. and de Mac\^edo,  José Ant\^onio F. and Silva,  Wellington C.P.},
  year = {2021},
  month = aug,
  pages = {105834}
}

@article{Wang2017,
  title = {A new measure of identifying influential nodes: Efficiency centrality},
  volume = {47},
  ISSN = {1007-5704},
  url = {http://dx.doi.org/10.1016/j.cnsns.2016.11.008},
  DOI = {10.1016/j.cnsns.2016.11.008},
  journal = {Communications in Nonlinear Science and Numerical Simulation},
  publisher = {Elsevier BV},
  author = {Wang,  Shasha and Du,  Yuxian and Deng,  Yong},
  year = {2017},
  month = jun,
  pages = {151–163}
}

@article{Rgo2019,
  title = {Co-authorship model with link strength},
  volume = {272},
  ISSN = {0377-2217},
  url = {http://dx.doi.org/10.1016/j.ejor.2018.07.028},
  DOI = {10.1016/j.ejor.2018.07.028},
  number = {2},
  journal = {European Journal of Operational Research},
  publisher = {Elsevier BV},
  author = {R\^ego,  Leandro Chaves and dos Santos,  Andrea Maria},
  year = {2019},
  month = jan,
  pages = {587–594}
}

@article{Qi2012,
  title = {Laplacian centrality: A new centrality measure for weighted networks},
  volume = {194},
  ISSN = {0020-0255},
  url = {http://dx.doi.org/10.1016/j.ins.2011.12.027},
  DOI = {10.1016/j.ins.2011.12.027},
  journal = {Information Sciences},
  publisher = {Elsevier BV},
  author = {Qi,  Xingqin and Fuller,  Eddie and Wu,  Qin and Wu,  Yezhou and Zhang,  Cun-Quan},
  year = {2012},
  month = jul,
  pages = {240–253}
}

@article{Jackson1996,
  title = {A Strategic Model of Social and Economic Networks},
  volume = {71},
  ISSN = {0022-0531},
  url = {http://dx.doi.org/10.1006/jeth.1996.0108},
  DOI = {10.1006/jeth.1996.0108},
  number = {1},
  journal = {Journal of Economic Theory},
  publisher = {Elsevier BV},
  author = {Jackson,  Matthew O. and Wolinsky,  Asher},
  year = {1996},
  month = oct,
  pages = {44–74}
}

@article{Singhal2020,
  doi = {10.1007/s12098-020-03263-6},
  url = {https://doi.org/10.1007/s12098-020-03263-6},
  year = {2020},
  month = mar,
  publisher = {Springer Science and Business Media {LLC}},
  volume = {87},
  number = {4},
  pages = {281--286},
  author = {Tanu Singhal},
  title = {A Review of Coronavirus Disease-2019 ({COVID}-19)},
  journal = {The Indian Journal of Pediatrics}
}

@article{whats,
doi = {10.1001/jama.2019.0700},
url = {https://doi.org/10.1001/jama.2019.0700},
year = {2019},
month = mar,
publisher = {American Medical Association ({AMA})},
volume = {321},
number = {9},
pages = {910},
author = {Dara Grennan},
title = {What Is a Pandemic?},
journal = {{JAMA}}
}

@article{reinfect,
  doi = {10.5501/wjv.v9.i5.79},
  url = {https://doi.org/10.5501/wjv.v9.i5.79},
  year = {2020},
  month = dec,
  publisher = {Baishideng Publishing Group Inc.},
  volume = {9},
  number = {5},
  pages = {79--90},
  author = {SeyedAlinaghi S; Oliaei S; Kianzad S; Afsahi AM; MohsseniPour M; Barzegary A; Mirzapour P; Behnezhad F; Noori T; Mehraeen E; Dadras O; Voltarelli F; Sabatier JM. },
  title = {Reinfection risk of novel coronavirus ({CoVID}-19): A systematic review of current evidence},
  journal = {World Journal of Virology}
}

@inproceedings{rumor,
  doi = {10.9776/14308},
  url = {https://doi.org/10.9776/14308},
  year = {2014},
  month = mar,
  publisher = {{iSchools}},
  title = {Rumors, False Flags, and Digital Vigilantes: Misinformation on Twitter after the 2013 Boston Marathon Bombing},
  booktitle = {{iConference} 2014 Proceedings},
  author = {Starbird, Kate and Maddock, Jim and Orand, Mania and Achterman, Peg and Mason, Robert M.}
}

@article{Jung2020,
  doi = {10.1016/j.ijid.2020.08.001},
  url = {https://doi.org/10.1016/j.ijid.2020.08.001},
  year = {2020},
  month = oct,
  publisher = {Elsevier {BV}},
  volume = {99},
  pages = {266--268},
  author = {Chan-Young Jung and Haeyong Park and Dong Wook Kim and Yoon Jung Choi and Seong Woo Kim and Tae Ik Chang},
  title = {Clinical Characteristics of Asymptomatic Patients with {COVID}-19: A Nationwide Cohort Study in South Korea},
  journal = {International Journal of Infectious Diseases}
}

@article{SEIHR,
author = {Malagutti, Rodrigo and Eisencraft, Marcio},
year = {2021},
month = {11},
pages = {},
title = {SEIHR epidemic model applied to the COVID-19 outbreak in São Paulo}
}

@article{Eikenberry2020,
  doi = {10.1016/j.idm.2020.04.001},
  url = {https://doi.org/10.1016/j.idm.2020.04.001},
  year = {2020},
  publisher = {Elsevier {BV}},
  volume = {5},
  pages = {293--308},
  author = {Steffen E. Eikenberry and Marina Mancuso and Enahoro Iboi and Tin Phan and Keenan Eikenberry and Yang Kuang and Eric Kostelich and Abba B. Gumel},
  title = {To mask or not to mask: Modeling the potential for face mask use by the general public to curtail the {COVID}-19 pandemic},
  journal = {Infectious Disease Modelling}
}

@article{French2021,
  doi = {10.15585/mmwr.mm7046a5},
  url = {https://doi.org/10.15585/mmwr.mm7046a5},
  year = {2021},
  month = nov,
  publisher = {Centers for Disease Control {MMWR} Office},
  volume = {70},
  number = {46},
  pages = {1613--1616},
  author = {Geoffrey French and Mary Hulse and Debbie Nguyen and Katharine Sobotka and Kaitlyn Webster and Josh Corman and Brago Aboagye-Nyame and Marc Dion and Moira Johnson and Benjamin Zalinger and Maria Ewing},
  title = {Impact of Hospital Strain on Excess Deaths During the {COVID}-19 Pandemic {\textemdash} United States,  July 2020{\textendash}July 2021},
  journal = {{MMWR}. Morbidity and Mortality Weekly Report}
}

@article{Scabini2021,
  doi = {10.1016/j.physa.2020.125498},
  url = {https://doi.org/10.1016/j.physa.2020.125498},
  year = {2021},
  month = feb,
  publisher = {Elsevier {BV}},
  volume = {564},
  pages = {125498},
  author = {Leonardo F.S. Scabini and Lucas C. Ribas and Mariane B. Neiva and Altamir G.B. Junior and Alex J.F. Farf{\'{a}}n and Odemir M. Bruno},
  title = {Social interaction layers in complex networks for the dynamical epidemic modeling of {COVID}-19 in Brazil},
  journal = {Physica A: Statistical Mechanics and its Applications}
}

@article{BustamanteCastaeda2021,
  doi = {10.1016/j.physa.2020.125520},
  url = {https://doi.org/10.1016/j.physa.2020.125520},
  year = {2021},
  month = feb,
  publisher = {Elsevier {BV}},
  volume = {564},
  pages = {125520},
  author = {F. Bustamante-Casta{\~{n}}eda and J.-G. Caputo and G. Cruz-Pacheco and A. Knippel and F. Mouatamide},
  title = {Epidemic model on a network: Analysis and applications to {COVID}-19},
  journal = {Physica A: Statistical Mechanics and its Applications}
}

@article{Liu2022,
  doi = {10.1016/j.idm.2022.02.002},
  url = {https://doi.org/10.1016/j.idm.2022.02.002},
  year = {2022},
  month = mar,
  publisher = {Elsevier {BV}},
  volume = {7},
  number = {1},
  pages = {286--298},
  author = {Kaihui Liu and Yijun Lou},
  title = {Optimizing {COVID}-19 vaccination programs during vaccine shortages},
  journal = {Infectious Disease Modelling}
}

@article{Loyal2020,
  doi = {10.1111/insr.12398},
  url = {https://doi.org/10.1111/insr.12398},
  year = {2020},
  month = jul,
  publisher = {Wiley},
  volume = {88},
  number = {2},
  pages = {419--440},
  author = {Joshua Daniel Loyal and Yuguo Chen},
  title = {Statistical Network Analysis: A Review with Applications to the Coronavirus Disease 2019 Pandemic},
  journal = {International Statistical Review}
}

@article{Pellis2015,
  doi = {10.1016/j.epidem.2014.07.003},
  url = {https://doi.org/10.1016/j.epidem.2014.07.003},
  year = {2015},
  month = mar,
  publisher = {Elsevier {BV}},
  volume = {10},
  pages = {58--62},
  author = {Lorenzo Pellis and Frank Ball and Shweta Bansal and Ken Eames and Thomas House and Valerie Isham and Pieter Trapman},
  title = {Eight challenges for network epidemic models},
  journal = {Epidemics}
}

@article{Xiang2021,
  doi = {10.1016/j.idm.2021.01.001},
  url = {https://doi.org/10.1016/j.idm.2021.01.001},
  year = {2021},
  publisher = {Elsevier {BV}},
  volume = {6},
  pages = {324--342},
  author = {Yue Xiang and Yonghong Jia and Linlin Chen and Lei Guo and Bizhen Shu and Enshen Long},
  title = {{COVID}-19 epidemic prediction and the impact of public health interventions: A review of {COVID}-19 epidemic models},
  journal = {Infectious Disease Modelling}
}

PIF15102023
//online{openDataSUSs,
@misc{openDataSUSs,
  author = {{Ministério da Saúde}},
  title = {{SRAG} 2020 - Banco de Dados de Síndrome Respiratória Aguda Grave - incluindo dados da {COVID}-19},
  year = 2020,
  url = {https://opendatasus.saude.gov.br/dataset/srag-2020},
  urldate = {2023-05-12},
  note = {Acessado: 12-05-2023}
}

@article{Erdos:1959:pmd,
  added-at = {2017-10-20T13:47:06.000+0200},
  author = {Erd\"os, P and R\'enyi, A},
  biburl = {https://www.bibsonomy.org/bibtex/2420b83c1533188c0b54bd1f6eea2b782/krevelen},
  interhash = {99061fc859ba540d4485abfbce44f298},
  intrahash = {420b83c1533188c0b54bd1f6eea2b782},
  journal = {Publicationes Mathematicae Debrecen},
  keywords = {epidemes},
  pages = {290--297},
  timestamp = {2017-10-20T13:47:26.000+0200},
  title = {On Random Graphs I},
  volume = 6,
  year = 1959
}

@article{RochaFilho2022,
  doi = {10.1371/journal.pone.0262433},
  year = {2022},
  month = mar,
  publisher = {Public Library of Science ({PLoS})},
  volume = {17},
  number = {3},
  pages = {e0262433},
  author = {Tarc{\'{\i}}sio M. Rocha Filho and Jos{\'{e}} F. F. Mendes and Thiago B. Murari and Alo{\'{\i}}sio S. Nascimento Filho and Ant{\^{o}}nio J. A. Cordeiro and Walter M. Ramalho and F{\'{u}}lvio A. Scorza and Ant{\^{o}}nio-Carlos G. Almeida and Marcelo A. Moret},
  editor = {M. Shamim Kaiser},
  title = {Optimization of {COVID}-19 vaccination and the role of individuals with a high number of contacts: A model based approach},
  journal = {{PLOS} {ONE}}
}

@article{Kirkcaldy2020,
  doi = {10.1001/jama.2020.7869},
  year = {2020},
  month = jun,
  publisher = {American Medical Association ({AMA})},
  volume = {323},
  number = {22},
  pages = {2245},
  author = {Robert D. Kirkcaldy and Brian A. King and John T. Brooks},
  title = {{COVID}-19 and Postinfection Immunity},
  journal = {{JAMA}}
}

@article{SP,
author = {Malagutti, Rodrigo and Eisencraft, Marcio},
year = {2021},
month = {11},
pages = {},
title = {{SEIHR} epidemic model applied to the {COVID}-19 outbreak in São Paulo}
}

@article{Haas2021,
  doi = {10.1016/s0140-6736(21)00947-8},
  year = {2021},
  month = may,
  publisher = {Elsevier {BV}},
  volume = {397},
  number = {10287},
  pages = {1819--1829},
  author = {Eric J Haas and Frederick J Angulo and John M McLaughlin and Emilia Anis and Shepherd R Singer and Farid Khan and Nati Brooks and Meir Smaja and Gabriel Mircus and Kaijie Pan and Jo Southern and David L Swerdlow and Luis Jodar and Yeheskel Levy and Sharon Alroy-Preis},
  title = {Impact and effectiveness of {mRNA} {BNT}162b2 vaccine against {SARS}-{CoV}-2 infections and {COVID}-19 cases,  hospitalisations,  and deaths following a nationwide vaccination campaign in Israel: an observational study using national surveillance data},
  journal = {The Lancet}
}

@article{Andrade2019,
  doi = {10.1016/j.cnsns.2018.08.002},
  url = {https://doi.org/10.1016/j.cnsns.2018.08.002},
  year = {2019},
  month = mar,
  publisher = {Elsevier {BV}},
  volume = {68},
  pages = {41--55},
  author = {Ricardo Lopes de Andrade and Leandro Chaves R{\^{e}}go},
  title = {p-means centrality},
  journal = {Communications in Nonlinear Science and Numerical Simulation}
}

@article{Zhang2016,
  doi = {10.1016/j.physrep.2016.07.002},
  url = {https://doi.org/10.1016/j.physrep.2016.07.002},
  year = {2016},
  month = sep,
  publisher = {Elsevier {BV}},
  volume = {651},
  pages = {1--34},
  author = {Zi-Ke Zhang and Chuang Liu and Xiu-Xiu Zhan and Xin Lu and Chu-Xu Zhang and Yi-Cheng Zhang},
  title = {Dynamics of information diffusion and its applications on complex networks},
  journal = {Physics Reports}
}

@article{Pereira2020,
  doi = {10.33448/rsd-v9i7.4548},
  url = {https://doi.org/10.33448/rsd-v9i7.4548},
  year = {2020},
  month = jun,
  publisher = {Research,  Society and Development},
  volume = {9},
  number = {7},
  pages = {e652974548},
  author = {Mara Dantas Pereira and Leonita Chagas de Oliveira and Cleberson Franclin Tavares Costa and Claudia Mara de Oliveira Bezerra and M{\'{\i}}ria Dantas Pereira and Cristiane Kelly Aquino dos Santos and Est{\'{e}}lio Henrique Martin Dantas},
  title = {A pandemia de {COVID}-19,  o isolamento social,  consequ{\^{e}}ncias na sa{\'{u}}de mental e estrat{\'{e}}gias de enfrentamento: uma revis{\~{a}}o integrativa},
  journal = {Research,  Society and Development}
}

@article{10.1371/journal.pone.0239490,
    doi = {10.1371/journal.pone.0239490},
    author = {Gonzalez, T. AND de la Rubia, M. A. AND Hincz, K. P. AND Comas-Lopez, M. AND Subirats, Laia AND Fort, Santi AND Sacha, G. M.},
    journal = {PLOS ONE},
    publisher = {Public Library of Science},
    title = {Influence of COVID-19 confinement on students’ performance in higher education},
    year = {2020},
    month = {10},
    volume = {15},
    url = {https://doi.org/10.1371/journal.pone.0239490},
    pages = {1-23},
    number = {10},

}

@article{Irawan2021,
  doi = {10.15408/etk.v20i1.16870},
  url = {https://doi.org/10.15408/etk.v20i1.16870},
  year = {2021},
  month = feb,
  publisher = {{LP}2M Universitas Islam Negeri ({UIN}) Syarif Hidayatullah Jakarta},
  volume = {20},
  number = {1},
  pages = {77--92},
  author = {Andi Irawan and Halim Alamsyah},
  title = {The {COVID}-19{\textquotesingle}s Economic Crisis and Its Solutions: A Literature Review},
  journal = {{ETIKONOMI}}
}

@article{PageRank,
doi	= {10.1145/1052934.1052938},
title	= {Inside PageRank},
author	= {Bianchini; Monica & Gori; Marco & Scarselli; Franco},
journal	= {ACM Transactions on Internet Technology    2005-feb 01 vol. 5 iss. 1},

year	= {2005},
month	= {feb},
day	= {01},
volume	= {5},
issue	= {1},
page	= {92--128}
}

@article{area,
  doi = {10.2307/1312814},
  url = {https://doi.org/10.2307/1312814},
  year = {1996},
  month = feb,
  publisher = {Oxford University Press ({OUP})},
  volume = {46},
  number = {2},
  pages = {115--126},
  author = {Andrew P. Dobson and E. Robin Carper},
  title = {Infectious Diseases and Human Population History},
  journal = {{BioScience}}
}

@article{historic,
doi	= {10.1007/978-3-030-15346-5_2},
title	= {Psychiatry of Pandemics (A Mental Health Response to Infection Outbreak) || Brief History of Pandemics (Pandemics Throughout History)},
author	= {Huremović, Damir},
publisher = {Springer International Publishing},

isbn	= {9783030153458; 3030153452; 9783030153465; 3030153460},
year	= {2019},
month	= {may},
day	= {16},
volume	= {10.1007/978-3-030-15346-5},
issue	= {Chapter 2},
page	= {7--35},
}

@article{Costa2007,
  doi = {10.1080/00018730601170527},
  url = {https://doi.org/10.1080/00018730601170527},
  year = {2007},
  month = jan,
  publisher = {Informa {UK} Limited},
  volume = {56},
  number = {1},
  pages = {167--242},
  author = {L. da F. Costa and F. A. Rodrigues and G. Travieso and P. R. Villas Boas},
  title = {Characterization of complex networks: A survey of measurements},
  journal = {Advances in Physics}
}

@article{PalaciosCruz2021,
  doi = {10.1016/j.rceng.2020.03.001},
  url = {https://doi.org/10.1016/j.rceng.2020.03.001},
  year = {2021},
  month = jan,
  publisher = {Elsevier {BV}},
  volume = {221},
  number = {1},
  pages = {55--61},
  author = {M. Palacios Cruz and E. Santos and M.A. Vel{\'{a}}zquez Cervantes and M. Le{\'{o}}n Ju{\'{a}}rez},
  title = {{COVID}-19,  a worldwide public health emergency},
  journal = {Revista Cl{\'{\i}}nica Espa{\~{n}}ola (English Edition)}
}

@article{Silva:2012gc,
      author         = "Silva, C. A. S. and Landim, R. R.",
      title          = "{Influences of a Generalized Uncertainty Principle on the
                        black-hole area spectrum in the tunneling formalism}",
      journal        = "Europhys.Lett.",
      volume         = "100",
      pages          = "10002",
      doi            = "10.1209/0295-5075/100/10002",
      year           = "2012",
      SLACcitation   = "%%CITATION = EULEE,100,10002;%%",
}
@Book{AbramowitzStegun64,
  added-at = {2010-08-20T12:09:24.000+0200},
  address = {New York},
  author = {Abramowitz, Milton and Stegun, Irene A.},
  biburl = {http://www.bibsonomy.org/bibtex/223ec744709b3a776a1af0a3fd65cd09f/haggis79},
  interhash = {d4914a420f489f7c5129ed01ec3cf80c},
  intrahash = {23ec744709b3a776a1af0a3fd65cd09f},
  isbn = {0-486-61272-4},
  keywords = {imported},
  owner = {schohaad},
  publisher = {Dover Publications},
  timestamp = {2009.05.11},
  title = {Handbook of Mathematical Functions with Formulas, Graphs, and Mathematical
	Tables},
  year = 1964
}
% Exemplos de referências podem ser encontrados em: https://verbosus.com/bibtex-style-examples.html

@article{Carvalho2022,
  doi = {10.33448/rsd-v11i10.33360},
  url = {https://doi.org/10.33448/rsd-v11i10.33360},
  year = {2022},
  month = aug,
  publisher = {Research,  Society and Development},
  volume = {11},
  number = {10},
  pages = {e586111033360},
  author = {Bruna Saraiva Carvalho and Let{\'{\i}}cia Gabriela Henrique Santana and Rodrigo Daniel Zanoni and Francisca Maria Pereira da Cruz and Diane P{\^{e}}go Palacios de Carvalho and Raquel da Silva Machado and Jessica Torres Bertoni and Thamires Lima Sarah and Adrielle Martins de Sousa and Camilla Siqueira de Aguiar},
  title = {Forma{\c{c}}{\~{a}}o acad{\^{e}}mica durante pandemia {COVID}-19: An{\'{a}}lise e impacto na sa{\'{u}}de mental de discentes},
  journal = {Research,  Society and Development}
}

@article{Koenigsberg,
author = {Boguslawski, Pawel},
year = {2011},
month = {01},
pages = {},
title = {Modelling and analysing 3D building interiors with the dual half-edge data structure}
}
@article{Dietz2002,
  doi = {10.1016/s0025-5564(02)00122-0},
  url = {https://doi.org/10.1016/s0025-5564(02)00122-0},
  year = {2002},
  month = nov,
  publisher = {Elsevier {BV}},
  volume = {180},
  number = {1-2},
  pages = {1--21},
  author = {Klaus Dietz and J.A.P. Heesterbeek},
  title = {Daniel Bernoulli's epidemiological model revisited},
  journal = {Mathematical Biosciences}
}

@article{Doll1950,
  doi = {10.1136/bmj.2.4682.739},
  url = {https://doi.org/10.1136/bmj.2.4682.739},
  year = {1950},
  month = sep,
  publisher = {{BMJ}},
  volume = {2},
  number = {4682},
  pages = {739--748},
  author = {R. Doll and A. B. Hill},
  title = {Smoking and Carcinoma of the Lung},
  journal = {{BMJ}}
}

@article{Kleinberg,
author = {Kleinberg, Jon},
year = {2001},
month = {04},
pages = {},
title = {The Small-World Phenomenon: An Algorithmic Perspective},
journal = {Conference Proceedings of the Annual ACM Symposium on Theory of Computing},
doi = {10.1145/335305.335325}
}

@book{Grafos,
author = {Goldbarg, Marco},
year = {2012},
month = {11},
pages = {},
title = {Grafos: Conceitos, algoritmos e aplicações},
isbn = {978-85-352-5716-8}
}
@book{Grafos01,
   title =     {TEORIA COMPUTACIONAL DE GRAFOS},
   author =    {Jayme Luiz Szwarcfiter},
   publisher = {Elsevier},
   isbn =      {9788535288841; 8535288848; 9788535288858; 8535288856},
   year =      {2018},
   edition =   {1},
}
@book{hawking1988,
  title     = "A Brief History of Time: From the {B}ig {B}ang to Black Holes",
  author    = "Hawking, Stephen",
  year      = 1988,
  publisher = "Bantam",
  address   = "London"
}

@book{manual,
   title =     {Manual de Análise de Dados - Estatística e Modelagem Multivariada com Excel®, SPSS® e Stata®},
   author =    {Luiz Paulo Fávero; Patrícia Belfiore},
   publisher = {Elsevier},
   isbn =      {9788535270877; 8535270876; 9788535285055; 8535285059},
   year =      {2017},
   edition =   {1},
}

@techreport{hagberg2008exploring,
  title={Exploring network structure, dynamics, and function using NetworkX},
  author={Hagberg, Aric and Swart, Pieter and S Chult, Daniel},
  year={2008},
  institution={Los Alamos National Lab.(LANL), Los Alamos, NM (United States)}
}

@book{epidemiologia01,
   title =     {Epidemiologia Básica},
   author =    {Beaglehole, R and Bonita, R. and Kjellström, T.},
   publisher = {Livraria Santos Editora},
   year =      {2010},
   edition =   {2},
}

@book{networks,
   title =     {Networks},
   author =    {Mark Newman},
   publisher = {Oxford University Press},
   isbn =      {0198805098; 9780198805090},
   year =      {2018},
   edition =   {2},
   }

   @book{network,
   title =     {Network Science},
   author =    {Albert-László Barabási},
   publisher = {Cambridge University Press},
   isbn =      {9781107076266; 1107076269},
   year =      {2016},
  }

@misc{n_vacina,
  doi = {10.48550/ARXIV.2302.10474},
  url = {https://arxiv.org/abs/2302.10474},
  author = {Mallick,  Dibyajyoti and Ray,  Aniruddha and Das,  Ankita and Ghosh,  Sayantari},
  keywords = {Physics and Society (physics.soc-ph),  FOS: Physical sciences,  FOS: Physical sciences},
  title = {Hesitancy,  Awareness and Vaccination: A Computational Analysis on Complex Networks},
  publisher = {arXiv},
  year = {2023},
  copyright = {arXiv.org perpetual,  non-exclusive license}
}

@article{DellaRossa2020,
  doi = {10.1038/s41467-020-18827-5},
  url = {https://doi.org/10.1038/s41467-020-18827-5},
  year = {2020},
  month = oct,
  publisher = {Springer Science and Business Media {LLC}},
  volume = {11},
  number = {1},
  author = {Fabio Della Rossa and Davide Salzano and Anna Di Meglio and Francesco De Lellis and Marco Coraggio and Carmela Calabrese and Agostino Guarino and Ricardo Cardona-Rivera and Pietro De Lellis and Davide Liuzza and Francesco Lo Iudice and Giovanni Russo and Mario di Bernardo},
  title = {A network model of Italy shows that intermittent regional strategies can alleviate the {COVID}-19 epidemic},
  journal = {Nature Communications}
}

@article{Doostmohammadian2020,
  doi = {10.1007/s13278-020-00638-7},
  url = {https://doi.org/10.1007/s13278-020-00638-7},
  year = {2020},
  month = may,
  publisher = {Springer Science and Business Media {LLC}},
  volume = {10},
  number = {1},
  author = {Mohammadreza Doostmohammadian and Hamid R. Rabiee and Usman A. Khan},
  title = {Centrality-based epidemic control in complex social networks},
  journal = {Social Network Analysis and Mining}
}

@article{Craig2020,
  doi = {10.26509/frbc-ec-202023},
  url = {https://doi.org/10.26509/frbc-ec-202023},
  year = {2020},
  month = sep,
  publisher = {Federal Reserve Bank of Cleveland},
  pages = {1--8},
  author = {Ben R. Craig and Tom Phelan and Jan-Peter Siedlarek and Jared Steinberg},
  title = {Improving Epidemic Modeling with Networks},
  journal = {Economic Commentary  (Federal Reserve Bank of Cleveland)}
}

@article{Maheshwari2020,
  doi = {10.1007/s41109-020-00344-5},
  url = {https://doi.org/10.1007/s41109-020-00344-5},
  year = {2020},
  month = dec,
  publisher = {Springer Science and Business Media {LLC}},
  volume = {5},
  number = {1},
  author = {Parul Maheshwari and R{\'{e}}ka Albert},
  title = {Network model and analysis of the spread of Covid-19 with social distancing},
  journal = {Applied Network Science}
}

@article{Quiroga2023,
  doi = {10.1007/s40314-023-02401-y},
  url = {https://doi.org/10.1007/s40314-023-02401-y},
  year = {2023},
  month = aug,
  publisher = {Springer Science and Business Media {LLC}},
  volume = {42},
  number = {6},
  author = {C{\'{a}}ssio de Lima Quiroga and Pedro Henrique Triguis Schimit},
  title = {A multi-city epidemiological model based on cellular automata and complex networks for the {COVID}-19},
  journal = {Computational and Applied Mathematics}
}

@article{Silva2023,
  doi = {10.1016/j.cnsns.2022.106877},
  url = {https://doi.org/10.1016/j.cnsns.2022.106877},
  year = {2023},
  month = jan,
  publisher = {Elsevier {BV}},
  volume = {116},
  pages = {106877},
  author = {Diogo H. Silva and Celia Anteneodo and Silvio C. Ferreira},
  title = {Epidemic outbreaks with adaptive prevention on complex networks},
  journal = {Communications in Nonlinear Science and Numerical Simulation}
}

@article{Li2023,
  doi = {10.1016/j.nonrwa.2022.103738},
  url = {https://doi.org/10.1016/j.nonrwa.2022.103738},
  year = {2023},
  month = feb,
  publisher = {Elsevier {BV}},
  volume = {69},
  pages = {103738},
  author = {Chin-Lung Li and Chang-Yuan Cheng and Chun-Hsien Li},
  title = {Global dynamics of two-strain epidemic model with single-strain vaccination in complex networks},
  journal = {Nonlinear Analysis: Real World Applications}
}

@article{Pei2023,
  doi = {10.1140/epjb/s10051-023-00513-2},
  url = {https://doi.org/10.1140/epjb/s10051-023-00513-2},
  year = {2023},
  month = apr,
  publisher = {Springer Science and Business Media {LLC}},
  volume = {96},
  number = {4},
  author = {Huayan Pei and Guanghui Yan and Yaning Huang},
  title = {Impact of contact rate on epidemic spreading in complex networks},
  journal = {The European Physical Journal B}
}

@article{Euler1736,
  added-at = {2011-06-09T15:30:35.000+0200},
  author = {Euler, Leonhard},
  biburl = {https://www.bibsonomy.org/bibtex/26e6f928065446a7792ce8f903a5d8f15/rincedd},
  interhash = {177e6d5bc8d1426041f162b482fe9d2d},
  intrahash = {6e6f928065446a7792ce8f903a5d8f15},
  journal = {Commentarii Academiae Scientiarum Imperialis Petropolitanae},
  keywords = {euler-tour graph-theory graphs networks},
  pages = {128--140},
  timestamp = {2011-06-09T15:30:35.000+0200},
  title = {Solutio problematis ad geometriam situs pertinentis},
  volume = 8,
  year = 1736
}

@article{Mossong2008,
  doi = {10.1371/journal.pmed.0050074},
  url = {https://doi.org/10.1371/journal.pmed.0050074},
  year = {2008},
  month = mar,
  publisher = {Public Library of Science ({PLoS})},
  volume = {5},
  number = {3},
  pages = {e74},
  author = {Joël Mossong and Niel Hens and Mark Jit and Philippe Beutels and Kari Auranen and Rafael Mikolajczyk and Marco Massari and Stefania Salmaso and Gianpaolo Scalia Tomba and Jacco Wallinga and Janneke Heijne and Malgorzata Sadkowska-Todys and Magdalena Rosinska and W. John Edmunds},
  editor = {Steven Riley},
  title = {Social Contacts and Mixing Patterns Relevant to the Spread of Infectious Diseases},
  journal = {{PLoS} Medicine}
}

@article{Block2020,
  doi = {10.1038/s41562-020-0898-6},
  url = {https://doi.org/10.1038/s41562-020-0898-6},
  year = {2020},
  month = jun,
  publisher = {Springer Science and Business Media {LLC}},
  volume = {4},
  number = {6},
  pages = {588--596},
  author = {Per Block and Marion Hoffman and Isabel J. Raabe and Jennifer Beam Dowd and Charles Rahal and Ridhi Kashyap and Melinda C. Mills},
  title = {Social network-based distancing strategies to flatten the {COVID}-19 curve in a post-lockdown world},
  journal = {Nature Human Behaviour}
}

@article{Manzo2020,
  doi = {10.18564/jasss.4435},
  url = {https://doi.org/10.18564/jasss.4435},
  year = {2020},
  publisher = {Journal of Artificial Societies and Social Simulation},
  volume = {23},
  number = {4},
  author = {Gianluca Manzo and Arnout van de Rijt},
  title = {Halting {SARS}-{CoV}-2 by Targeting High-Contact Individuals},
  journal = {Journal of Artificial Societies and Social Simulation}
}




# Datasets

@misc{POLYMOD,
  doi = {10.5281/ZENODO.3746312},
  url = {https://zenodo.org/record/3746312},
  author = {Mossong,  Joël and {Niel Hens} and Jit,  Mark and Beutels,  Philippe and Auranen,  Kari and Mikolajczyk,  Rafael and Massari,  Marco and Salmaso,  Stefania and Tomba,  Gianpaolo Scalia and Wallinga,  Jacco and Heijne,  Janneke and {Malgorzata Sadkowska-Todys} and Rosinska,  Magdalena and {W. John Edmunds}},
  keywords = {Social contact,  contact matrix, },
  language = {en},
  title = {POLYMOD social contact data},
  publisher = {Zenodo},
  year = {2017},
  copyright = {Creative Commons Attribution Non Commercial 4.0 International}
}

@misc{Zimbabwe,
  doi = {10.5281/ZENODO.3886638},
  url = {https://zenodo.org/record/3886638},
  author = {Melegaro, Alessia and Fava, Emanuele Del and Poletti, Piero and Merler, Stefano and Nyamukapa, Constance and Williams, John and Gregson, Simon and Manfredi, Piero},
  keywords = {Social contact, contact matrix},
  language = {en},
  title = {Social contact data for Zimbabwe},
  publisher = {Zenodo},
  year = {2020},
  copyright = {Creative Commons Attribution Non Commercial No Derivatives 4.0 International}
}



@misc{Peru,
  doi = {10.5281/ZENODO.1095665},
  url = {https://zenodo.org/record/1095665},
  author = {Grijalva,  Carlos G. and Goeyvaerts,  Nele and Verastegui,  Hector and Edwards,  Kathryn M. and Gil,  Ana I. and Lanata,  Claudio F. and {Niel Hens}},
  keywords = {Social contact,  contact matrix,  Peru},
  language = {en},
  title = {Peruvian Social Contact Data},
  publisher = {Zenodo},
  year = {2017},
  copyright = {Creative Commons Attribution-NonCommercial-NoDerivatives}
}

@misc{France,
  doi = {10.5281/ZENODO.3886590},
  url = {https://zenodo.org/record/3886590},
  author = {Béraud,  Guillaume and Kazmercziak,  Sabine and Beutels,  Philippe and Levy-Bruhl,  Daniel and Lenne,  Xavier and Mielcarek,  Nathalie and {Yazdan Yazdanpanah} and {Pierre-Yves Boëlle} and {Niel Hens} and {Benoit Dervaux}},
  keywords = {Social contact,  contact matrix},
  language = {en},
  title = {Social contact data for France},
  publisher = {Zenodo},
  year = {2020},
  copyright = {Creative Commons Attribution Non Commercial No Derivatives 4.0 International}
}

@misc{HongKong,
  doi = {10.5281/ZENODO.3874808},
  url = {https://zenodo.org/record/3874808},
  author = {Leung,  Kathy and Jit,  Mark and Lau,  Eric H. Y. and Wu,  Joseph T.},
  title = {Social contact data for Hong Kong},
  publisher = {Zenodo},
  year = {2020},
  copyright = {Creative Commons Attribution Non Commercial No Derivatives 4.0 International}
}

@misc{Vietnam,
  doi = {10.5281/ZENODO.1289474},
  url = {https://zenodo.org/record/1289474},
  author = {{Horby Peter} and {Pham Quang Thai} and Niel,  Hens and {Nguyen Thi Thu Yen} and Mai,  Le Quynh and Thoang,  Dang Dinh and {Nguyen Manh Linh} and {Nguyen Thu Huong} and Neal,  Alexander and W.John,  Edmunds and Duong,  Tran Nhu and {Fox Annette} and {Nguyen Tran Hien}},
  language = {en},
  title = {Social Contact Data For Vietnam},
  publisher = {Zenodo},
  year = {2018},
  copyright = {Creative Commons Attribution-NonCommercial-NoDerivatives}
}

@misc{UK,
  doi = {10.5281/ZENODO.1409507},
  url = {https://zenodo.org/record/1409507},
  author = {Hoek,  Albert Jan Van and Andrews,  Nick and Campbell,  Helen and Amirthalingam,  Gayatri and {W. John Edmunds} and Miller,  Elizabeth},
  language = {en},
  title = {Social Contact Data For Uk},
  publisher = {Zenodo},
  year = {2018},
  copyright = {Creative Commons Attribution-NonCommercial-NoDerivatives}
}

@misc{Zambia,
  doi = {10.5281/ZENODO.2548693},
  url = {https://zenodo.org/record/2548693},
  author = {Dodd,  Peter J. and Looker,  Clare and Plumb,  Ian D. and Bond,  Virginia and Schaap,  Ab and {Kwame Shanaube} and {Monde Muyoyeta} and Vynnycky,  Emilia and Godfrey-Faussett,  Peter and Corbett,  Elizabeth L. and {Nulda Beyers} and Ayles,  Helen and White,  Richard G.},
  language = {en},
  title = {Social contact data for Zambia and South Africa (CODA dataset)},
  publisher = {Zenodo},
  year = {2019},
  copyright = {Creative Commons Attribution 4.0 International}
}

@misc{Russia,
  doi = {10.5281/ZENODO.3874674},
  url = {https://zenodo.org/record/3874674},
  author = {Litvinova,  Maria and Liu,  Quan-Hui and Kulikov,  Evgeny and Ajelli,  Marco},
  language = {en},
  title = {Social contact data for Russia},
  publisher = {Zenodo},
  year = {2020},
  copyright = {Creative Commons Attribution 4.0 International}
}

@misc{China,
  doi = {10.5281/ZENODO.3878754},
  url = {https://zenodo.org/record/3878754},
  author = {Zhang,  Juanjuan and Klepac,  Petra and Read,  Jonathan and Rosello,  Alicia and Wang,  Xiling and Lai,  Shengjie and Li,  Meng and Song,  Yujian and Wei,  Qingzhen and Jiang,  Hao and Yang,  Juan and Lynn,  Henry and Flasche,  Stefan and Jit,  Mark and Yu,  Hongjie},
  keywords = {social contact data,  China},
  title = {Social contact data for China mainland},
  publisher = {Zenodo},
  year = {2020},
  copyright = {Creative Commons Attribution 4.0 International}
}

@misc{Belga2009,
  doi = {10.5281/ZENODO.4059864},
  url = {https://zenodo.org/record/4059864},
  author = {Niel,  Hens and {Goeyvaerts Nele} and {Aerts Marc} and {Shkedy Zib} and Pierre,  Van Damme and {Beutels Philippe}},
  language = {en},
  title = {Social contact data for Belgium (2006)},
  publisher = {Zenodo},
  year = {2020},
  copyright = {Creative Commons Attribution 4.0 International}
}

@misc{Belga2010,
  doi = {10.5281/ZENODO.4302055},
  url = {https://zenodo.org/record/4302055},
  author = {Lander,  Willem and Kerckhove,  Kim Van and Chao Dennis,  L. and Niel,  Hens and {Beutels Philippe}},
  language = {en},
  title = {Social contact data for Belgium (2010-2011)},
  publisher = {Zenodo},
  year = {2020},
  copyright = {Creative Commons Attribution 4.0 International}
}

@article{Gillespie1976,
  doi = {10.1016/0021-9991(76)90041-3},
  year = {1976},
  month = dec,
  publisher = {Elsevier {BV}},
  volume = {22},
  number = {4},
  pages = {403--434},
  author = {Daniel T Gillespie},
  title = {A general method for numerically simulating the stochastic time evolution of coupled chemical reactions},
  journal = {Journal of Computational Physics}
}

@misc{Thailand,
  doi = {10.5281/ZENODO.4086739},
  url = {https://zenodo.org/record/4086739},
  OPTauthor = {{Mahikul Wiriya} and {Kripattanapong Somkid} and {Hanvoravongchai Piya} and {Meeyai Aronrag} and {Iamsirithaworn Sopon} and {Auewarakul Prasert} and {Pan-Ngum Wirichada}},
  author = {Mahikul Wiriya and Kripattanapong Somkid and Hanvoravongchai Piya and Meeyai Aronrag and Iamsirithaworn Sopon and Auewarakul Prasert and Pan-Ngum Wirichada},
  language = {en},
  title = {Social contact data for Thailand},
  publisher = {Zenodo},
  year = {2020},
  copyright = {Creative Commons Attribution 4.0 International}
}
@book{modelos,
    title = {Modelagem Matemática e Epidemiologia com Aplicações},
    edition = {1},
    address = {Porto Alegre},
    publisher = {Appris Editora},
    author = {de Paiva Júnior, Francisco Pessoa and dos Santos Marcolino,
              Raimundo and Falcãoo, Danilo Lima and dos Santos Leite,
              Jefferson Cruz},
    year = {2020},
    pages = {217},
    note = { ISBN 978-85-63308-33-7},
}

#PIF15052024
@article{bernoulli2004attempt,
  title={An attempt at a new analysis of the mortality caused by smallpox and of the advantages of inoculation to prevent it},
  author={Bernoulli, Daniel and Blower, Sally},
  journal={Reviews in Medical Virology},
  volume={14},
  number={5},
  pages={275--288},
  year={2004},
  publisher={Wiley Periodicals Inc.}
}

#PIF15052024
@article{kermack1927contribution,
  title={A contribution to the mathematical theory of epidemics},
  author={Kermack, William Ogilvy and McKendrick, Anderson G},
  journal={Proceedings of the Royal Society of London. Series A},
  volume={115},
  number={772},
  pages={700--721},
  year={1927},
  publisher={The Royal Society London}
}

%PIF15042024
@article{pastor2002immunization,
  title={Immunization of complex networks},
  author={Pastor-Satorras, Romualdo and Vespignani, Alessandro},
  journal={Physical Review E},
  volume={65},
  number={3},
  pages={036104},
  year={2002},
  publisher={APS}
}

%PIF15042024
@article{cohen2003efficient,
  title={Efficient immunization strategies for computer networks and populations},
  author={Cohen, Reuven and Havlin, Shlomo and Ben-Avraham, Daniel},
  journal={Physical Review Letters},
  volume={91},
  number={24},
  pages={247901},
  year={2003},
  publisher={APS}
}

%PIF15042024
@article{gallos2007improving,
  title={Improving immunization strategies},
  author={Gallos, Lazaros K and Liljeros, Fredrik and Argyrakis, Panos and Bunde, Armin and Havlin, Shlomo},
  journal={Physical Review E},
  volume={75},
  number={4},
  pages={045104},
  year={2007},
  publisher={APS}
}

%PIF15042024
@article{holme2004efficient,
  title={Efficient local strategies for vaccination and network attack},
  author={Holme, Petter},
  journal={Europhysics Letters},
  volume={68},
  number={6},
  pages={908},
  year={2004},
  publisher={IOP Publishing}
}

@article{HadjHassine2021,
  title = {Covid‐19 vaccines and variants of concern: A review},
  volume = {32},
  ISSN = {1099-1654},
  url = {http://dx.doi.org/10.1002/rmv.2313},
  DOI = {10.1002/rmv.2313},
  number = {4},
  journal = {Reviews in Medical Virology},
  publisher = {Wiley},
  author = {Hadj Hassine,  Ikbel},
  year = {2021},
  month = nov 
}

%PIF15042024
@article{miller2007effective,
  title={Effective vaccination strategies for realistic social networks},
  author={Miller, Joel C and Hyman, James M},
  journal={Physica A: Statistical Mechanics and its Applications},
  volume={386},
  number={2},
  pages={780--785},
  year={2007},
  publisher={Elsevier}
}

%PIF15042024 
@article{kitsak2010identification,
  title={Identification of influential spreaders in complex networks},
  author={Kitsak, Maksim and Gallos, Lazaros K and Havlin, Shlomo and Liljeros, Fredrik and Muchnik, Lev and Stanley, H Eugene and Makse, Hern{\'a}n A},
  journal={Nature Physics},
  volume={6},
  number={11},
  pages={888--893},
  year={2010},
  publisher={Nature Publishing Group UK London}
}

@article{Gong2013,
  title = {An Efficient Immunization Strategy for Community Networks},
  volume = {8},
  ISSN = {1932-6203},
  url = {http://dx.doi.org/10.1371/journal.pone.0083489},
  DOI = {10.1371/journal.pone.0083489},
  number = {12},
  journal = {PLoS ONE},
  publisher = {Public Library of Science (PLoS)},
  author = {Gong,  Kai and Tang,  Ming and Hui,  Pak Ming and Zhang,  Hai Feng and Younghae,  Do and Lai,  Ying-Cheng},
  editor = {Szolnoki,  Attila},
  year = {2013},
  month = dec,
  pages = {e83489}
}

%PIF15042024 
@article{salathe2010dynamics,
  title={Dynamics and control of diseases in networks with community structure},
  author={Salath{\'e}, Marcel and Jones, James H},
  journal={PLoS Computational Biology},
  volume={6},
  number={4},
  pages={e1000736},
  year={2010},
  publisher={Public Library of Science San Francisco, USA}
}

%PIF15042024 
@article{dezsHo2002halting,
  title={Halting viruses in scale-free networks},
  author={Dezs{\H{o}}, Zolt{\'a}n and Barabási, Albert-L{\'a}szl{\'o}},
  journal={Physical Review E},
  volume={65},
  number={5},
  pages={055103},
  year={2002},
  publisher={APS}
}

@article{Carmi2007,
  title = {A model of Internet topology using
            k
            -shell decomposition},
  volume = {104},
  ISSN = {1091-6490},
  url = {http://dx.doi.org/10.1073/pnas.0701175104},
  DOI = {10.1073/pnas.0701175104},
  number = {27},
  journal = {Proceedings of the National Academy of Sciences},
  publisher = {Proceedings of the National Academy of Sciences},
  author = {Carmi,  Shai and Havlin,  Shlomo and Kirkpatrick,  Scott and Shavitt,  Yuval and Shir,  Eran},
  year = {2007},
  month = jul,
  pages = {11150–11154}
}

@article{Watts1998,
  title = {Collective dynamics of ‘small-world’ networks},
  volume = {393},
  ISSN = {1476-4687},
  url = {http://dx.doi.org/10.1038/30918},
  DOI = {10.1038/30918},
  number = {6684},
  journal = {Nature},
  publisher = {Springer Science and Business Media LLC},
  author = {Watts,  Duncan J. and Strogatz,  Steven H.},
  year = {1998},
  month = jun,
  pages = {440–442}
}

%PIF15042024 
@article{eames2003contact,
  title={Contact tracing and disease control},
  author={Eames, Ken TD and Keeling, Matt J},
  journal={Proceedings of the Royal Society of London. Series B: Biological Sciences},
  volume={270},
  number={1533},
  pages={2565--2571},
  year={2003},
  publisher={The Royal Society}
}

%PIF15042024 
@article{chen2021age,
  title={Age-stratified COVID-19 spread analysis and vaccination: A multitype random network approach},
  author={Chen, Xianhao and Zhu, Guangyu and Zhang, Lan and Fang, Yuguang and Guo, Linke and Chen, Xinguang},
  journal={IEEE Transactions on Network Science and Engineering},
  volume={8},
  number={2},
  pages={1862--1872},
  year={2021},
  publisher={IEEE}
}

%PIF15042024 
@article{klise2022prioritizing,
  title={Prioritizing vaccination based on analysis of community networks},
  author={Klise, Katherine and Beyeler, Walt and Acquesta, Erin and Thelen, Haedi and Makvandi, Monear and Finley, Patrick},
  journal={Applied Network Science},
  volume={7},
  number={1},
  pages={80},
  year={2022},
  publisher={Springer}
}
@article{SBM,
  title = {A review of stochastic block models and extensions for graph clustering},
  volume = {4},
  ISSN = {2364-8228},
  url = {http://dx.doi.org/10.1007/s41109-019-0232-2},
  DOI = {10.1007/s41109-019-0232-2},
  number = {1},
  journal = {Applied Network Science},
  publisher = {Springer Science and Business Media LLC},
  author = {Lee,  Clement and Wilkinson,  Darren J.},
  year = {2019},
  month = dec 
}
%PIF15042024 
@article{bansal2006comparative,
  title={A comparative analysis of influenza vaccination programs},
  author={Bansal, Shweta and Pourbohloul, Babak and Meyers, Lauren Ancel},
  journal={PLoS Medicine},
  volume={3},
  number={10},
  pages={e387},
  year={2006},
  publisher={Public Library of Science San Francisco, USA}
}

%PIF17042024
@article{feng2007epidemiological,
  title={Epidemiological models with non-exponentially distributed disease stages and applications to disease control},
  author={Feng, Zhilan and Xu, Dashun and Zhao, Haiyun},
  journal={Bulletin of Mathematical Biology},
  volume={69},
  number={5},
  pages={1511--1536},
  year={2007},
  publisher={Springer}
}