% Exemplos de referÃªncias podem ser encontrados em: https://verbosus.com/bibtex-style-examples.html

