
@article{whats,
doi = {10.1001/jama.2019.0700},
url = {https://doi.org/10.1001/jama.2019.0700},
year = {2019},
month = mar,
publisher = {American Medical Association ({AMA})},
volume = {321},
number = {9},
pages = {910},
author = {Dara Grennan},
title = {What Is a Pandemic?},
journal = {{JAMA}}
}

@article{area,
  doi = {10.2307/1312814},
  url = {https://doi.org/10.2307/1312814},
  year = {1996},
  month = feb,
  publisher = {Oxford University Press ({OUP})},
  volume = {46},
  number = {2},
  pages = {115--126},
  author = {Andrew P. Dobson and E. Robin Carper},
  title = {Infectious Diseases and Human Population History},
  journal = {{BioScience}}
}

@article{historic,
doi	= {10.1007/978-3-030-15346-5_2},
title	= {Psychiatry of Pandemics (A Mental Health Response to Infection Outbreak) || Brief History of Pandemics (Pandemics Throughout History)},
author	= {Huremović, Damir},
publisher = {Springer International Publishing},

isbn	= {9783030153458; 3030153452; 9783030153465; 3030153460},
year	= {2019},
month	= {may},
day	= {16},
volume	= {10.1007/978-3-030-15346-5},
issue	= {Chapter 2},
page	= {7--35},
}

@article{Costa2007,
  doi = {10.1080/00018730601170527},
  url = {https://doi.org/10.1080/00018730601170527},
  year = {2007},
  month = jan,
  publisher = {Informa {UK} Limited},
  volume = {56},
  number = {1},
  pages = {167--242},
  author = {L. da F. Costa and F. A. Rodrigues and G. Travieso and P. R. Villas Boas},
  title = {Characterization of complex networks: A survey of measurements},
  journal = {Advances in Physics}
}
@article{Silva:2012gc,
      author         = "Silva, C. A. S. and Landim, R. R.",
      title          = "{Influences of a Generalized Uncertainty Principle on the
                        black-hole area spectrum in the tunneling formalism}",
      journal        = "Europhys.Lett.",
      volume         = "100",
      pages          = "10002",
      doi            = "10.1209/0295-5075/100/10002",
      year           = "2012",
      SLACcitation   = "%%CITATION = EULEE,100,10002;%%",
}
@Book{AbramowitzStegun64,
  added-at = {2010-08-20T12:09:24.000+0200},
  address = {New York},
  author = {Abramowitz, Milton and Stegun, Irene A.},
  biburl = {http://www.bibsonomy.org/bibtex/223ec744709b3a776a1af0a3fd65cd09f/haggis79},
  interhash = {d4914a420f489f7c5129ed01ec3cf80c},
  intrahash = {23ec744709b3a776a1af0a3fd65cd09f},
  isbn = {0-486-61272-4},
  keywords = {imported},
  owner = {schohaad},
  publisher = {Dover Publications},
  timestamp = {2009.05.11},
  title = {Handbook of Mathematical Functions with Formulas, Graphs, and Mathematical
	Tables},
  year = 1964
}
% Exemplos de referências podem ser encontrados em: https://verbosus.com/bibtex-style-examples.html

@article{Carvalho2022,
  doi = {10.33448/rsd-v11i10.33360},
  url = {https://doi.org/10.33448/rsd-v11i10.33360},
  year = {2022},
  month = aug,
  publisher = {Research,  Society and Development},
  volume = {11},
  number = {10},
  pages = {e586111033360},
  author = {Bruna Saraiva Carvalho and Let{\'{\i}}cia Gabriela Henrique Santana and Rodrigo Daniel Zanoni and Francisca Maria Pereira da Cruz and Diane P{\^{e}}go Palacios de Carvalho and Raquel da Silva Machado and Jessica Torres Bertoni and Thamires Lima Sarah and Adrielle Martins de Sousa and Camilla Siqueira de Aguiar},
  title = {Forma{\c{c}}{\~{a}}o acad{\^{e}}mica durante pandemia {COVID}-19: An{\'{a}}lise e impacto na sa{\'{u}}de mental de discentes},
  journal = {Research,  Society and Development}
}

@article{Koenigsberg,
author = {Boguslawski, Pawel},
year = {2011},
month = {01},
pages = {},
title = {Modelling and analysing 3D building interiors with the dual half-edge data structure}
}

@article{Kleinberg,
author = {Kleinberg, Jon},
year = {2001},
month = {04},
pages = {},
title = {The Small-World Phenomenon: An Algorithmic Perspective},
journal = {Conference Proceedings of the Annual ACM Symposium on Theory of Computing},
doi = {10.1145/335305.335325}
}

@book{Grafos,
author = {Goldbarg, Marco},
year = {2012},
month = {11},
pages = {},
title = {Grafos: Conceitos, algoritmos e aplicações},
isbn = {978-85-352-5716-8}
}
@book{Grafos01,
   title =     {TEORIA COMPUTACIONAL DE GRAFOS},
   author =    {Jayme Luiz Szwarcfiter},
   publisher = {Elsevier},
   isbn =      {9788535288841; 8535288848; 9788535288858; 8535288856},
   year =      {2018},
   edition =   {1},
}

@book{networks,
   title =     {Networks},
   author =    {Mark Newman},
   publisher = {Oxford University Press},
   isbn =      {0198805098; 9780198805090},
   year =      {2018},
   edition =   {2},
   }

   @book{network,
   title =     {Network Science},
   author =    {Albert-László Barabási},
   publisher = {Cambridge University Press},
   isbn =      {9781107076266; 1107076269},
   year =      {2016},
  }

@article{Euler1736,
  added-at = {2011-06-09T15:30:35.000+0200},
  author = {Euler, Leonhard},
  biburl = {https://www.bibsonomy.org/bibtex/26e6f928065446a7792ce8f903a5d8f15/rincedd},
  interhash = {177e6d5bc8d1426041f162b482fe9d2d},
  intrahash = {6e6f928065446a7792ce8f903a5d8f15},
  journal = {Commentarii Academiae Scientiarum Imperialis Petropolitanae},
  keywords = {euler-tour graph-theory graphs networks},
  pages = {128--140},
  timestamp = {2011-06-09T15:30:35.000+0200},
  title = {Solutio problematis ad geometriam situs pertinentis},
  volume = 8,
  year = 1736
}

@article{Mossong2008,
  doi = {10.1371/journal.pmed.0050074},
  url = {https://doi.org/10.1371/journal.pmed.0050074},
  year = {2008},
  month = mar,
  publisher = {Public Library of Science ({PLoS})},
  volume = {5},
  number = {3},
  pages = {e74},
  author = {Joël Mossong and Niel Hens and Mark Jit and Philippe Beutels and Kari Auranen and Rafael Mikolajczyk and Marco Massari and Stefania Salmaso and Gianpaolo Scalia Tomba and Jacco Wallinga and Janneke Heijne and Malgorzata Sadkowska-Todys and Magdalena Rosinska and W. John Edmunds},
  editor = {Steven Riley},
  title = {Social Contacts and Mixing Patterns Relevant to the Spread of Infectious Diseases},
  journal = {{PLoS} Medicine}
}

@article{Block2020,
  doi = {10.1038/s41562-020-0898-6},
  url = {https://doi.org/10.1038/s41562-020-0898-6},
  year = {2020},
  month = jun,
  publisher = {Springer Science and Business Media {LLC}},
  volume = {4},
  number = {6},
  pages = {588--596},
  author = {Per Block and Marion Hoffman and Isabel J. Raabe and Jennifer Beam Dowd and Charles Rahal and Ridhi Kashyap and Melinda C. Mills},
  title = {Social network-based distancing strategies to flatten the {COVID}-19 curve in a post-lockdown world},
  journal = {Nature Human Behaviour}
}

@article{Manzo2020,
  doi = {10.18564/jasss.4435},
  url = {https://doi.org/10.18564/jasss.4435},
  year = {2020},
  publisher = {Journal of Artificial Societies and Social Simulation},
  volume = {23},
  number = {4},
  author = {Gianluca Manzo and Arnout van de Rijt},
  title = {Halting {SARS}-{CoV}-2 by Targeting High-Contact Individuals},
  journal = {Journal of Artificial Societies and Social Simulation}
}




# Datasets

@misc{POLYMOD,
  doi = {10.5281/ZENODO.3746312},
  url = {https://zenodo.org/record/3746312},
  author = {Mossong,  Joël and {Niel Hens} and Jit,  Mark and Beutels,  Philippe and Auranen,  Kari and Mikolajczyk,  Rafael and Massari,  Marco and Salmaso,  Stefania and Tomba,  Gianpaolo Scalia and Wallinga,  Jacco and Heijne,  Janneke and {Malgorzata Sadkowska-Todys} and Rosinska,  Magdalena and {W. John Edmunds}},
  keywords = {Social contact,  contact matrix, },
  language = {en},
  title = {POLYMOD social contact data},
  publisher = {Zenodo},
  year = {2017},
  copyright = {Creative Commons Attribution Non Commercial 4.0 International}
}

@misc{Zimbabwe,
  doi = {10.5281/ZENODO.3886638},
  url = {https://zenodo.org/record/3886638},
  author = {Melegaro, Alessia and Fava, Emanuele Del and Poletti, Piero and Merler, Stefano and Nyamukapa, Constance and Williams, John and Gregson, Simon and Manfredi, Piero},
  keywords = {Social contact, contact matrix},
  language = {en},
  title = {Social contact data for Zimbabwe},
  publisher = {Zenodo},
  year = {2020},
  copyright = {Creative Commons Attribution Non Commercial No Derivatives 4.0 International}
}



@misc{Peru,
  doi = {10.5281/ZENODO.1095665},
  url = {https://zenodo.org/record/1095665},
  author = {Grijalva,  Carlos G. and Goeyvaerts,  Nele and Verastegui,  Hector and Edwards,  Kathryn M. and Gil,  Ana I. and Lanata,  Claudio F. and {Niel Hens}},
  keywords = {Social contact,  contact matrix,  Peru},
  language = {en},
  title = {Peruvian Social Contact Data},
  publisher = {Zenodo},
  year = {2017},
  copyright = {Creative Commons Attribution-NonCommercial-NoDerivatives}
}

@misc{France,
  doi = {10.5281/ZENODO.3886590},
  url = {https://zenodo.org/record/3886590},
  author = {Béraud,  Guillaume and Kazmercziak,  Sabine and Beutels,  Philippe and Levy-Bruhl,  Daniel and Lenne,  Xavier and Mielcarek,  Nathalie and {Yazdan Yazdanpanah} and {Pierre-Yves Boëlle} and {Niel Hens} and {Benoit Dervaux}},
  keywords = {Social contact,  contact matrix},
  language = {en},
  title = {Social contact data for France},
  publisher = {Zenodo},
  year = {2020},
  copyright = {Creative Commons Attribution Non Commercial No Derivatives 4.0 International}
}

@misc{HongKong,
  doi = {10.5281/ZENODO.3874808},
  url = {https://zenodo.org/record/3874808},
  author = {Leung,  Kathy and Jit,  Mark and Lau,  Eric H. Y. and Wu,  Joseph T.},
  title = {Social contact data for Hong Kong},
  publisher = {Zenodo},
  year = {2020},
  copyright = {Creative Commons Attribution Non Commercial No Derivatives 4.0 International}
}

@misc{Vietnam,
  doi = {10.5281/ZENODO.1289474},
  url = {https://zenodo.org/record/1289474},
  author = {{Horby Peter} and {Pham Quang Thai} and Niel,  Hens and {Nguyen Thi Thu Yen} and Mai,  Le Quynh and Thoang,  Dang Dinh and {Nguyen Manh Linh} and {Nguyen Thu Huong} and Neal,  Alexander and W.John,  Edmunds and Duong,  Tran Nhu and {Fox Annette} and {Nguyen Tran Hien}},
  language = {en},
  title = {Social Contact Data For Vietnam},
  publisher = {Zenodo},
  year = {2018},
  copyright = {Creative Commons Attribution-NonCommercial-NoDerivatives}
}

@misc{UK,
  doi = {10.5281/ZENODO.1409507},
  url = {https://zenodo.org/record/1409507},
  author = {Hoek,  Albert Jan Van and Andrews,  Nick and Campbell,  Helen and Amirthalingam,  Gayatri and {W. John Edmunds} and Miller,  Elizabeth},
  language = {en},
  title = {Social Contact Data For Uk},
  publisher = {Zenodo},
  year = {2018},
  copyright = {Creative Commons Attribution-NonCommercial-NoDerivatives}
}

@misc{Zambia,
  doi = {10.5281/ZENODO.2548693},
  url = {https://zenodo.org/record/2548693},
  author = {Dodd,  Peter J. and Looker,  Clare and Plumb,  Ian D. and Bond,  Virginia and Schaap,  Ab and {Kwame Shanaube} and {Monde Muyoyeta} and Vynnycky,  Emilia and Godfrey-Faussett,  Peter and Corbett,  Elizabeth L. and {Nulda Beyers} and Ayles,  Helen and White,  Richard G.},
  language = {en},
  title = {Social contact data for Zambia and South Africa (CODA dataset)},
  publisher = {Zenodo},
  year = {2019},
  copyright = {Creative Commons Attribution 4.0 International}
}

@misc{Russia,
  doi = {10.5281/ZENODO.3874674},
  url = {https://zenodo.org/record/3874674},
  author = {Litvinova,  Maria and Liu,  Quan-Hui and Kulikov,  Evgeny and Ajelli,  Marco},
  language = {en},
  title = {Social contact data for Russia},
  publisher = {Zenodo},
  year = {2020},
  copyright = {Creative Commons Attribution 4.0 International}
}

@misc{China,
  doi = {10.5281/ZENODO.3878754},
  url = {https://zenodo.org/record/3878754},
  author = {Zhang,  Juanjuan and Klepac,  Petra and Read,  Jonathan and Rosello,  Alicia and Wang,  Xiling and Lai,  Shengjie and Li,  Meng and Song,  Yujian and Wei,  Qingzhen and Jiang,  Hao and Yang,  Juan and Lynn,  Henry and Flasche,  Stefan and Jit,  Mark and Yu,  Hongjie},
  keywords = {social contact data,  China},
  title = {Social contact data for China mainland},
  publisher = {Zenodo},
  year = {2020},
  copyright = {Creative Commons Attribution 4.0 International}
}

@misc{Belga2009,
  doi = {10.5281/ZENODO.4059864},
  url = {https://zenodo.org/record/4059864},
  author = {Niel,  Hens and {Goeyvaerts Nele} and {Aerts Marc} and {Shkedy Zib} and Pierre,  Van Damme and {Beutels Philippe}},
  language = {en},
  title = {Social contact data for Belgium (2006)},
  publisher = {Zenodo},
  year = {2020},
  copyright = {Creative Commons Attribution 4.0 International}
}

@misc{Belga2010,
  doi = {10.5281/ZENODO.4302055},
  url = {https://zenodo.org/record/4302055},
  author = {Lander,  Willem and Kerckhove,  Kim Van and Chao Dennis,  L. and Niel,  Hens and {Beutels Philippe}},
  language = {en},
  title = {Social contact data for Belgium (2010-2011)},
  publisher = {Zenodo},
  year = {2020},
  copyright = {Creative Commons Attribution 4.0 International}
}

@misc{Thailand,
  doi = {10.5281/ZENODO.4086739},
  url = {https://zenodo.org/record/4086739},
  author = {{Mahikul Wiriya} and {Kripattanapong Somkid} and {Hanvoravongchai Piya} and {Meeyai Aronrag} and {Iamsirithaworn Sopon} and {Auewarakul Prasert} and {Pan-Ngum Wirichada}},
  language = {en},
  title = {Social contact data for Thailand},
  publisher = {Zenodo},
  year = {2020},
  copyright = {Creative Commons Attribution 4.0 International}
}